@misc{,
title = {{What is Power BI | Microsoft Power BI}},
url = {https://powerbi.microsoft.com/en-us/what-is-power-bi/?ranMID=24542{\&}ranEAID=XdSn0e3h3{\%}2Ak{\&}ranSiteID=XdSn0e3h3.k-gv6ZiRJeE.qERg2yaaOh3A{\&}tduid={\%}2865aec874508cc9691b74905ab4de9dd3{\%}29{\%}28256380{\%}29{\%}282459594{\%}29{\%}28XdSn0e3h3.k-gv6ZiRJeE.qERg2yaaOh3A{\%}29{\%}28{\%}29},
urldate = {2017-12-30}
}
