@article{chen2012business,
  title={Business intelligence and analytics: From big data to big impact.},
  author={Chen, Hsinchun and Chiang, Roger HL and Storey, Veda C},
  journal={MIS quarterly},
  volume={36},
  number={4},
  year={2012}
}
%naive bayesian theorem
@article{garg2013design,
  title={Design and Development of Naive Bayes Classifier},
  author={Garg, Bandana},
  year={2013},
  publisher={North Dakota State University}
}
@article{friedman1997bayesian,
  title={Bayesian network classifiers},
  author={Friedman, Nir and Geiger, Dan and Goldszmidt, Moises},
  journal={Machine learning},
  volume={29},
  number={2-3},
  pages={131--163},
  year={1997},
  publisher={Springer}
}


%bike Insurance
@article{insurance2015bike,
  title={Bike Insurance},
  author={Insurance, Southern Rock},
  year={2015}
}

@book{troyansky2015qlikview,
  title={QlikView Your Business: An Expert Guide to Business Discovery with QlikView and Qlik Sense},
  author={Troyansky, Oleg and Gibson, Tammy and Leichtweis, Charlie},
  year={2015},
  publisher={John Wiley \& Sons}
}
@techreport{data2017,
abstract = {Claimed and Unclaimed Data of Bike Insirance},
address = {Kamaladi,Kathmandu},
author = {Company, Nepal Insurance},
file = {:F$\backslash$:/Project X/data/BI Bike.xls:xls},
keywords = {Bike Insurance,Insurance Company},
mendeley-tags = {Bike Insurance},
title = {Insurance Data},
year = {2017}
}
@book{grevskott_2011, 
place={Oslo, Norway}, 
title={Quantitative requirements for non-life insurance under Solvency 2},
publisher={SAS Institute Inc, USA},
author={Grevskott, Sverre},
year={2011},
pages={2-8}
}
@book{witten2016data,
title={Data Mining: Practical machine learning tools and techniques},
author={Witten, Ian H and Frank, Eibe and Hall, Mark A and Pal, Christopher J},
year={2016},
publisher={Morgan Kaufmann}
}

%url = {http://nepalinsurance.com.np/},


